%% COMMENTS ARE WEIRD
%% Things that emacs thinks are comments
%% really aren't somehow, 
%% especially when you're trying to 
%% comment out an entry or an element 
%% of an entry

%% HOW TO DO BIBTEX
%% pdflatex Thesis.tex
%% bibtex Thesis          // NOTE LACK OF FILE SUFFIX
%% pdflatex ... until it catches all the references 

%% ---------- LHC ---------- %%%
@article{LhcMachine,
  author={Lyndon Evans and Philip Bryant},
  title="{LHC Machine}",
  journal={Journal of Instrumentation},
  volume={3},
  number={08},
  pages={S08001},
  url={http://stacks.iop.org/1748-0221/3/i=08/a=S08001},
  year={2008}
}

@misc{LumiPublicResults2010,
  author="{CMS Collaboration}",
  title="{CMS Luminosity Collision Data 2010}",
  howpublished = {https://twiki.cern.ch/twiki/bin/view/CMSPublic/LumiPublicResults2010}
}



%% ---------- CMS ---------- %%%
@article{CmsExperimentAtCernLHC,
  author="{CMS Collaboration}",
  title="{The CMS experiment at the CERN LHC}",
  journal={Journal of Instrumentation},
  volume={3},
  year={2008},
  pages={S08004},
  doi={10.1088/1748-0221/3/08/S08004}
}

@article{CmsTdr1,
   author = "{CMS collaboration}",
   title        = "{{CMS} Physics Technical Design Report Volume {I}: Detector Performance and Software}",
   publisher    = {CERN},
   address      = {Geneva},
   series       = {Technical Design Report CMS},
   year         = {2006}
}

article{CmsTdr2,

@article{PhysicsTdr,
  author="{CMS Collaboration}",
  title="{CMS Physics Technical Design Report, Volume II: Physics Performance}",
  journal={Journal of Physics G: Nuclear and Particle Physics},
  volume={34},
  number={6},
  pages={995},
  url={http://stacks.iop.org/0954-3899/34/i=6/a=S01},
  year={2007}
}

%% looks from the table of contents like it's really all about the L1
%% book{Bayatyan:706847,
@book{TriggerTDR,
  author="{CMS Collaboration}",
  title        = "{CMS TriDAS project: Technical Design Report; 1, The Trigger Systems}",
  series       = "Technical Design Report CMS",
  publisher = "CERN",
  year = "2000",
  url = "http://cmsdoc.cern.ch/cms/TDR/TRIGGER-public/trigger.html"
}

@book{TrackerTDR,
  author="{CMS Collaboration}",
  title        = "{CMS TriDAS project: Technical Design Report; 5, the tracker project}",
  series       = "Technical Design Report CMS",
  publisher = "CERN",
  year = "1998",
  url = "http://cmsdoc.cern.ch/ftp/TDR/TRACKER/tracker.html"
}

@article{CMS-PAS-EWK-10-004,
  author= "{CMS Collaboration}",
  title     = "{Measurement of CMS Luminosity}",
  year   = {2010},
  journal={PAS-EWK-10-004},
  url      = {http://cdsweb.cern.ch/record/1279145},
}

@article{CMS-PAS-EGM-10-002,
  author= "{CMS Collaboration}",
  title     = "{Electromagnetic calorimeter commissioning and performance with 7 TeV data}",
  year   = {2010},
  journal={CMS PAS EGM-10-002},
}

@article{CMS-PAS-EGM-10-004,
  author= "{CMS Collaboration}",
  title     = "{Electron reconstruction and identification at $\sqrt{s} = 7 \TeV$}",
  year   = {2010},
  journal={CMS PAS EGM-10-004},
}




%% -------------- Lumi --------------------- %%

%% !!!!!!!!!!!!! INTERNAL NOTE !!!!!!!!!!!!!!!! %%
@article{CMS-IN-2007-030,
 author = "N.~Adam and V.~Halyo and J.~Jones and D.~Marlow and S.~Schnetzer and Y.~Guo and L.~Lueking and K.~Maeshima and W.~Badgett and L.~Sexton-Kennedy and I.~M.~De~Abril and M.~M.~De~Abril",
 title = "{The CMS Luminosity System}",
 journal = "CMS IN-2007/030",
 year = "2007",
}



%% ---------------- HLT ---------------------- %% 

@Article{hlt-0512077,
     author    = "Adam, W. and others",
 collaboration = "CMS Trigger and Data Acquisition Group",
     title     = "{The CMS high level trigger}",
     journal   = "Eur. Phys. J.",
     volume    = "C46",
     year      = "2006",
     pages     = "605-667",
     eprint    = "hep-ex/0512077",
     archivePrefix = "arXiv",
     doi       = "10.1140/epjc/s2006-02495-8"
}



%% ----------- Beam Spot Reco ------------- %%
@article{CMS-NOTE-2007-021,
 author = "T.~Miao and H.~Wenzel and F.~Yumiceva and N.~Leioatts",
 title = "{Beam Spot Determination using Tracks}",
 journal = "CMS NOTE 2007/021",
 year = "2007",
}




%% ---------- Vertex Reconstruction ---------- %%%
@article{CMS-NOTE-2007-008,
 author = "R. Fruehwirth and W. Waltenberger and P. Vanlaer",
 title = "{Adaptive Vertex Fitting}",
 journal = "CMS IN-2007/008",
 year = "2007",
}


@article{CMS-CR-2011-047,
 author = "Alexander Schmidt",
 title = "{Performance of Track and Vertex Reconstruction and B-Tagging Studies with CMS in pp Collisions at sqrt(s)=7 TeV}",
 journal = "CMS CR-2011-047",
 year = "2011",
}

@article{CMS-TRK-2010-001,
 author = "{CMS Collaboration}",
 title = "{Tracking and Vertexing Results from First Collisions}",
 journal = "CMS Note",
 year = "2010",
}


%% ---------- Trigger ---------- %%
@article{rctTriggerSystem,
  title = {Level-1 Regional Calorimeter Trigger System for {CMS}},
  author = {P. Chumney and S. Dasu and J. Lackey and M. Jaworski and P. Robl and W. H. Smith},
  journal = {Proceedings of Computing in High Energy Physics and Nuclear Physics},
  year = {2003},
  url={http://arxiv.org/abs/hep-ex/0305047}
}


%% ---------- Photons at ATLAS ---------- %%
@Article{Collaboration:2010sp,
     author    = "{ATLAS Collaboration}",
     title     = "{Measurement of the inclusive isolated prompt photon cross
                  section in pp collisions at sqrt(s) = 7 TeV with the ATLAS
                  detector}",
     year      = "2010",
     eprint    = "1012.4389",
     archivePrefix = "arXiv",
     primaryClass  =  "hep-ex",
     SLACcitation  = "%%CITATION = 1012.4389;%%"
}


%% ---------- Photons at CMS ---------- %%
@Article{Collaboration:2010fm,
     author    = "{CMS Collaboration}",
     title     = "{Measurement of the Isolated Prompt Photon Production Cross
                  Section in pp Collisions at sqrt(s) = 7 TeV}",
     year      = "2010",
     eprint    = "1012.0799",
     archivePrefix = "arXiv",
     primaryClass  =  "hep-ex",
     SLACcitation  = "%%CITATION = 1012.0799;%%"
}

%% ---------- Photons at RHIC ---------- %%
@Article{Adler:2005qk,
     author    = "Adler, Stephen Scott and others",
 collaboration = "PHENIX",
     title     = "{Mid-rapidity direct-photon production in p+p collisions at
                  sqrt(s) = 200-GeV}",
     journal   = "Phys. Rev.",
     volume    = "D71",
     year      = "2005",
     pages     = "071102",
     eprint    = "hep-ex/0502006",
     archivePrefix = "arXiv",
     doi       = "10.1103/PhysRevD.71.071102",
     SLACcitation  = "%%CITATION = HEP-EX/0502006;%%"
}

@Article{Okada:2005in,
     author    = "Okada, K.",
 collaboration = "PHENIX",
     title     = "{Measurement of prompt photons in sqrt(s) = 200-GeV p p
                  collisions}",
     year      = "2005",
     eprint    = "hep-ex/0501066",
     archivePrefix = "arXiv",
     SLACcitation  = "%%CITATION = HEP-EX/0501066;%%"
}


%% ---------- Photon Production ---------- %%





% Lund String Model
@article{Andersson198331,
title = "Parton fragmentation and string dynamics",
journal = "Physics Reports",
volume = "97",
number = "2-3",
pages = "31 - 145",
year = "1983",
note = "",
issn = "0370-1573",
doi = "DOI: 10.1016/0370-1573(83)90080-7",
author = "B. Andersson and G. Gustafson and G. Ingelman and T. Sjöstrand"
}




%% ---------- Theory ---------- %%
@book{ColliderPhysics,
      author       = "Vernon Barger and Roger Phillips",
      title        = "Collider Physics",
      publisher    = "Westview Press",
      address      = "Boulder, CO",
      year         = "1991"
}

@book{introToHighEnergyPhysics,
    author = {Perkins, Donald H.},
    day = {24},
    howpublished = {Hardcover},
    isbn = {0521621968},
    month = {April},
    publisher = {{Cambridge University Press}},
    title = {{Introduction to High Energy Physics}},
    year = {2000}
}

@Article{Catani:2002ny,
     author    = "Catani, S. and Fontannaz, M. and Guillet, J. P. and Pilon, E.",
     title     = "Cross-section of isolated prompt photons in hadron hadron collisions",
     journal   = "JHEP",
     volume    = "05",
     year      = "2002",
     pages     = "028",
     eprint    = "hep-ph/0204023",
}

@Article{Nadolsky:2008zw,
     author    = "Nadolsky, Pavel M. and others",
     title     = "{Implications of CTEQ global analysis for collider
                  observables}",
     journal   = "Phys. Rev.",
     volume    = "D78",
     year      = "2008",
     pages     = "013004",
     eprint    = "0802.0007",
     archivePrefix = "arXiv",
     primaryClass  =  "hep-ph",
     doi       = "10.1103/PhysRevD.78.013004",
     SLACcitation  = "%%CITATION = 0802.0007;%%"
}

@Article{Fontannaz:2001ek,
     author    = "Fontannaz, M. and Guillet, J. P. and Heinrich, G.",
     title     = "{Isolated prompt photon photoproduction at NLO}",
     journal   = "Eur. Phys. J.",
     volume    = "C21",
     year      = "2001",
     pages     = "303-312",
     eprint    = "hep-ph/0105121",
     archivePrefix = "arXiv",
     doi       = "10.1007/s100520100732",
     SLACcitation  = "%%CITATION = HEP-PH/0105121;%%"
}

@Article{Lipatov:2005tz,
     author    = "Lipatov, A. V. and Zotov, N. P.",
     title     = "{Prompt photon photoproduction at HERA in the k(T)-
                  factorization  approach}",
     journal   = "Phys. Rev.",
     volume    = "D72",
     year      = "2005",
     pages     = "054002",
     eprint    = "hep-ph/0506044",
     archivePrefix = "arXiv",
     doi       = "10.1103/PhysRevD.72.054002",
     SLACcitation  = "%%CITATION = HEP-PH/0506044;%%"
}

@Article{Stump:2003yu,
     author    = "Stump, Daniel and others",
     title     = "{Inclusive jet production, parton distributions, and the
                  search for new physics}",
     journal   = "JHEP",
     volume    = "10",
     year      = "2003",
     pages     = "046",
     eprint    = "hep-ph/0303013",
     archivePrefix = "arXiv",
     SLACcitation  = "%%CITATION = HEP-PH/0303013;%%"
}

%% ---------- Monte Carlo Software ---------- %%
article{Agostinelli2003250,
@article{GEANT4,
author = "S. Agostinelli and others",
title = "Geant4--a simulation toolkit",
journal = "Nuclear Instruments and Methods in Physics Research Section A: Accelerators, Spectrometers, Detectors and Associated Equipment",
volume = "506",
number = "3",
pages = "250 - 303",
year = "2003",
note = "",
issn = "0168-9002",
doi = "DOI: 10.1016/S0168-900others",
}

@article{PYTHIA6.4,
  author = {Torbj{\"o}rn Sj{\"o}strand and Stephen Mrenna and Peter Z. Skands},
  interhash = {96af835d1fe6145a95d0e21f86378632},
  intrahash = {352219652ba2c6e6554728829b40e00e},
  journal = {JHEP},
  pages = 026,
  title = "{PYTHIA 6.4 Physics and Manual}",
  volume = 05,
  year = 2006,
  keywords = {diplom manual pythia},
  added-at = {2010-04-23T17:30:11.000+0200},
  archiveprefix = {arXiv},
  description = {SPIRES-HEP: FIND KEY 6566170},
  biburl = {http://www.bibsonomy.org/bibtex/2352219652ba2c6e6554728829b40e00e/wc},
  eprint = {hep-ph/0603175}
}

@article{powheg,
  author = "Simone Alioli and Paolo Nason and Carlo Oleari and Emanuele Re",
  title = "{NLO} vector-boson production matched with shower in {POWHEG}", 
  journal={Journal of High Energy Physics},
  volume={2008},
  number={07},
  year = "2008", 
  pages = "60", 
  eprint    = "0805.4802v1",
  archivePrefix = "arXiv",
  primaryClass  =  "hep-ph",
  doi       = "10.1088/1126-6708/2008/07/060",
  url={http://stacks.iop.org/1126-6708/2008/i=07/a=060},
  abstract={We present a next-to-leading-order calculation of W / Z production interfaced to shower Monte Carlo, implemented according to the POWHEG method. Finite width effects, Z /. interference and angular correlations of decay products are included. A detailed comparison with MC@NLO and PYTHIA is carried out.}
}

@Article{Alwall:2007st,
     author    = "Alwall, Johan and others",
     title     = "{MadGraph/MadEvent v4: The New Web Generation}",
     journal   = "JHEP",
     volume    = "09",
     year      = "2007",
     pages     = "028",
     eprint    = "0706.2334",
     archivePrefix = "arXiv",
     primaryClass  =  "hep-ph",
     doi       = "10.1088/1126-6708/2007/09/028",
     SLACcitation  = "%%CITATION = 0706.2334;%%"
}

@Article{Gleisberg:2008ta,
     author    = "Gleisberg, T. and others",
     title     = "{Event generation with SHERPA 1.1}",
     journal   = "JHEP",
     volume    = "02",
     year      = "2009",
     pages     = "007",
     eprint    = "0811.4622",
     archivePrefix = "arXiv",
     primaryClass  =  "hep-ph",
     doi       = "10.1088/1126-6708/2009/02/007",
     SLACcitation  = "%%CITATION = 0811.4622;%%"
}

@article{Ballestrero:1992dv,
      author         = "Ballestrero, Alessandro and Maina, Ezio and Moretti,
                        Stefano",
      title          = "{Heavy quarks and leptons at e+ e- colliders}",
      journal        = "Nucl.Phys.",
      volume         = "B415",
      pages          = "265-292",
      doi            = "10.1016/0550-3213(94)90112-0",
      year           = "1994",
      eprint         = "hep-ph/9212246",
      archivePrefix  = "arXiv",
      primaryClass   = "hep-ph",
}

@article{Gleisberg:2003bi,
      author         = "Gleisberg, T. and Krauss, F. and Papadopoulos, C.G. and
                        Schaelicke, A. and Schumann, S.",
      title          = "{Cross-sections for multiparticle final states at a
                        linear collider}",
      journal        = "Eur.Phys.J.",
      volume         = "C34",
      pages          = "173-180",
      doi            = "10.1140/epjc/s2004-01672-1",
      year           = "2004",
      eprint         = "hep-ph/0311273",
      archivePrefix  = "arXiv",
      primaryClass   = "hep-ph",
}

@article{Dobbs200141,
title = "The HepMC C++ Monte Carlo event record for High Energy Physics",
journal = "Computer Physics Communications",
volume = "134",
number = "1",
pages = "41 - 46",
year = "2001",
note = "",
issn = "0010-4655",
doi = "DOI: 10.1016/S0010-4655(00)00189-2",
url = "http://www.sciencedirect.com/science/article/pii/S0010465500001892",
author = "Matt Dobbs and Jørgen Beck Hansen",
keywords = "Event record",
keywords = "High Energy Physics",
keywords = "C++"
}


%% ------------ FEWZ ----------------- %%
%% Journal reference:  Phys.Rev.D74:114017,2006 
@article{FEWZ2,
 author = "Kirill Melnikov and Frank Petriello",
 title = "{Electroweak gauge boson production at hadron colliders through $O(\alpha_s^2)$}",
 journal = "Phys.Rev.D", 
 volume = "74",
 pages = "114017",
 year = "2006",
     eprint    = "060907v1",
     archivePrefix = "arXiv",
     primaryClass  =  "hep-ph",
 doi = "10.1103/PhysRevD.74.114017",
 url = "http://arxiv.org/abs/hep-ph/0609070"
}


%% ------------ POWHEG NEED SOMETHING -------------- %%




%% ------------ TAUOLA ------------------------ %%

% Nuclear Physics B - Proceedings Supplements
% Volume 144, July 2005, Pages 88-94

@article{TAUOLA,
 author = "Z.~Was and P. Golonka",
 title = "{TAUOLA as tau Monte Carlo for future applications}",
 journal = "Nuclear Physics B - Proceedings Supplements",
 year = "2004",
     eprint    = "0411377v1",
     archivePrefix = "arXiv",
     primaryClass  =  "hep-ph",
 doi = "10.1016/j.nuclphysbps.2005.02.012", 
}




%% ------------ MC Les Houches Guidebook ----------------- %%

%% may need journal
@article{MCLesHouchesGuide,
 author = "M.~A.~Dobbs and others",
 title = "{Les Houches Guidebook to Monte Carlo Generators for Hadron Collider Physics}",
 year = "2004",
     eprint    = "0403045v2",
     archivePrefix = "arXiv",
     primaryClass  =  "hep-ph",
 url = "http://arxiv.org/abs/hep-ph/0403045",
}







%% ---------- Processes in Pythia ---------- %%
@Article{PhysRevD.18.3378,
  title = {Hadroproduction of photons and leptons},
  author = {Halzen, F.  and Scott, D. M.},
  journal = {Phys. Rev. D},
  volume = {18},
  number = {9},
  pages = {3378--3389},
  numpages = {11},
  year = {1978},
  month = {Nov},
  doi = {10.1103/PhysRevD.18.3378},
  publisher = {American Physical Society}
}
@article{Berger198452,
title = "Large-pT production of single and double photons in proton-proton and pion-proton collisions",
journal = "Nuclear Physics B",
volume = "239",
number = "1",
pages = "52 - 92",
year = "1984",
note = "",
issn = "0550-3213",
doi = "DOI: 10.1016/0550-3213(84)90084-1",
url = "http://www.sciencedirect.com/science/article/pii/0550321384900841",
author = "E. L. Berger and E. Braaten and R. D. Field"
}
@article{Bengtsson1984323,
title = "The lund monte carlo for high-pT physics",
journal = "Computer Physics Communications",
volume = "31",
number = "4",
pages = "323 - 355",
year = "1984",
note = "",
issn = "0010-4655",
doi = "DOI: 10.1016/0010-4655(84)90018-3",
url = "http://www.sciencedirect.com/science/article/pii/0010465584900183",
author = "H. -U. Bengtsson"
}



%% ---------- Analysis References ---------- %%
@ARTICLE{ref:QCD-10-019,
     AUTHOR       = " ",
     collaboration = "CMS",
     TITLE        = "Measurement of the Isolated Prompt Photon Production Cross Section in pp Collisions at $\sqrt{s} = 7 \TeV$",
     JOURNAL      = "Phys. Rev. Lett.",
     VOLUME       = "106",
     eprint       = "1012.0799",
     archivePrefix = "arXiv",
     YEAR         = "2011"}
     
@Article{ref:EwkWZJets,
     author    = "{CMS Collaboration}",
     title     = "{Rates of Jets Produced in Association with W and Z Bosons in pp Collisions at $\sqrt{7}$\TeV}",
     journal   = "CMS PAS EWK",
     volume    = "10-012",
     year      = "2011",
     pages     = "",
     doi       = "",
     SLACcitation  = ""
}

@Article{ATLASW,
  author    = "Aad, Georges and others",
  collaboration = "ATLAS",
  title     = "{Measurement of the production cross section for W-bosons in association with jets in pp collisions at $\sqrt{s} = 7 \TeV$ with the ATLAS detector}",
  year      = "2010",
  eprint    = "1012.5382",
  archivePrefix = "arXiv",
  primaryClass  =  "hep-ex",
  SLACcitation  = "%%CITATION = 1012.5382;%%"
}

techreport{ATLASZ,
  author = "{ATLAS}",
  title        = "Measurement of the production cross section for Z/$\gamma$ in association with jets in pp collisions at $\sqrt{s} = 7 \TeV$ with the ATLAS Detector",
  institution  = "CERN",
  address      = "Geneva",
  number       = "ATLAS-CONF-2011-001",
  month        = "Feb",
  year         = "2011",
}

@article{ATLASZ,
  author = "{ATLAS Collaboration}",
  title = "{A measurement of the total W$^{\pm}$ and Z/$\gamma$* cross sections in the $e$ and $\mu$ decay channels and of their ratios in $pp$ collisions at $sqrt{s}$ = 7 TeV with the ATLAS detector}",
  journal = "ATLAS-CONF-2011-041",
  year = "2011",
  month = "March",
  url = "http://cdsweb.cern.ch/record/1338570", 
}

@Article{PDF1,
  title = {New parton distributions for collider physics},
  author = {Lai, Hung-Liang  and Guzzi, Marco  and Huston, Joey  and Li, Zhao  and Nadolsky, Pavel M. and Pumplin, Jon  and Yuan, C.-P. },
  journal = {Phys. Rev. D},
  volume = {82},
  number = {7},
  pages = {074024},
  numpages = {24},
  year = {2010},
  month = {Oct},
  doi = {10.1103/PhysRevD.82.074024},
  eprint    = "1007.2241",
  archivePrefix = "arXiv",
  primaryClass  =  "hep-ph",
  SLACcitation  = "%%CITATION = 1007.2241;%%"
}


@ARTICLE{ref:EGM-10-005,
     AUTHOR       = "{CMS Collaboration}",
     collaboration = "CMS",
     TITLE        = "Photon reconstruction and identification at $\sqrt{s}=7$~\TeV",
     JOURNAL      = "CMS Note EGM",
     VOLUME       = "10-005",
     YEAR         = "2010"
 }
@Article{ref:EGM-10-006,
     author    = "{CMS Collaboration}",
     title     = "{Isolated Photon Reconstruction and Identification at $\sqrt{s}=7$ TeV}",
     journal   = "CMS PAS EGM",
     volume    = "10-006",
     year      = "2010",
     pages     = "",
     doi       = "",
     SLACcitation  = ""
}


@MISC{ref:RooUnfold,
     AUTHOR       = "{Adye, T. et. al.}",
     TITLE        = "RooUnfold: ROOT unfolding framework",
     JOURNAL      = "",
     VOLUME       = "\href{http://hepunx.rl.ac.uk/~adye/software/unfold/RooUnfold.html}{}",
     YEAR         = "2011"
     }

@Article{ref:D'Agostini:1994zf,
     author    = "D'Agostini, G.",
     title     = "{A Multidimensional unfolding method based on Bayes' theorem}",
     journal   = "Nucl. Instrum. Meth.",
     volume    = "A362",
     year      = "1995",
     pages     = "487-498",
     doi       = "10.1016/0168-9002(95)00274-X",
}

% ---------- Theory Predictions ---------- %
@Article{PhysRevLett.106.092001,
  title = "{Precise Predictions for $W+4$-Jet Production at the Large Hadron Collider}",
  author = {Berger, C. F. and Bern, Z.  and Dixon, L. J. and Cordero, F. Febres and Forde, D.  and Gleisberg, T.  and Ita, H.  and Kosower, D. A. and Ma\^\i{}tre, D. },
  journal = {Phys. Rev. Lett.},
  volume = {106},
  number = {9},
  pages = {092001},
  numpages = {4},
  year = {2011},
  month = {Mar},
  doi = {10.1103/PhysRevLett.106.092001},
  publisher = {American Physical Society}
}
@Article{PhysRevD.82.074002,
  title = "{Next-to-leading order QCD predictions for $Z$,$\gamma{}^{*}+3$-jet distributions at the Tevatron}",
  author = {Berger, C. F. and Bern, Z.  and Dixon, L. J. and Febres Cordero, F.  and Forde, D.  and Gleisberg, T.  and Ita, H.  and Kosower, D. A. and Ma\^\i{}tre, D. },
  journal = {Phys. Rev. D},
  volume = {82},
  number = {7},
  pages = {074002},
  numpages = {26},
  year = {2010},
  month = {Oct},
  doi = {10.1103/PhysRevD.82.074002},
  publisher = {American Physical Society}
}

% ---------- Processes in Pythia ---------- %
@article{Berger198452,
title = "Large-pT production of single and double photons in proton-proton and pion-proton collisions",
journal = "Nuclear Physics B",
volume = "239",
number = "1",
pages = "52 - 92",
year = "1984",
note = "",
issn = "0550-3213",
doi = "DOI: 10.1016/0550-3213(84)90084-1",
url = "http://www.sciencedirect.com/science/article/pii/0550321384900841",
author = "E. L. Berger and E. Braaten and R. D. Field"
}



%%%%%%%%%%%%%%%%%%%%%%%%%%%%%%%%%%%%%%%%%%%%%%%%%%%%
%% 
%%            EVENT RECO
%% 
%%%%%%%%%%%%%%%%%%%%%%%%%%%%%%%%%%%%%%%%%%%%%%%%%%%%


%% -------------- HCAL ----------------------- %%
@article{CMS-NOTE-2006-036,
 author = "A.~Heister and O.~Kodolova and V.~Konoplianikov and S.~Petrushanko and J.~Rohlf and C.~Tully and A.~Ulyanov",
 title = "{Measurement of Jets with the CMS Detector at the LHC}",
 journal = "CMS NOTE 2006/036",
 year = "2006",
}


%% ------------ Tracker --------------------- %%
@article{CMS-PAPER-CFT-09-001,
 author = "The CMS Collaboration",
 title = "{Commissioning and Performance of the CMS Pixel Tracker with Cosmic Ray Muons}",
 journal = "Instrumentation and Detectors",
 year = "2010",
 eprint = "0911.5434v2",
 archivePrefix = "arXiv",
 primaryClass  =  "hep-ex",
}



@article{CMS-TRK-10-001,
 author = "The CMS Collaboration",
 title = "{CMS Tracking Performance Results from Early LHC Operation}",
 journal = "Instrumentation and Detectors",
 year = "2010",
 eprint = "1007.1988v2",
 archivePrefix = "arXiv",
 primaryClass  =  "hep-ex",
}







%% ---------------- Electron Reconstruction ------------ %%
@article{CMS-NOTE-2006-040,
 author = "S.~Baffioni and C.~Charlot and F.~Ferri and D.~Futyan and P.~Meridiani and I.~Puljak and C.~Rovelli and R.~Salerno and Y.~Sirois",
 title = "{Electron Reconstruction in CMS}",
 journal = "CMS NOTE 2006/040",
 year = "2006",
}

%% --------------- trk gsf note ----------------------- %%
@article{CMS-NOTE-2005-001,
 author = "W.~Adam and R.~Fr{\"u}hwirth and A.~Strandlie and T.~Todorov",
 title = "{Reconstruction of Electrons with the Gaussian-Sum Filter in the CMS Tracker at the LHC}",
 journal = "CMS NOTE 2005/001",
 year = "2005",
}

%% ----------------- trk kf note ------------- %%
@article{CMS-NOTE-2006-041,
 author = "W.~Adam and Th.~Speer and B.~Mangano and T.~Todorov",
 title = "{Track reconstruction in the CMS tracker}",
 journal = "CMS NOTE 2006/041",
 year = "2006",
}


%% ----------------- trk kf seeding note, also PV ------------- %%
@article{CMS-NOTE-2006-026,
 author = "S.~Cucciarelli and M.~Konecki and D.~Kotlinski and T.~Todorov",
 title = "{Track reconstruction, primary vertex finding and seed generation with the Pixel Detector}",
 journal = "CMS NOTE 2006/026",
 year = "2006",
}


%% ----------------- trk vtx note ------------- %%
@article{CMS-NOTE-2006-032,
 author = "Th.~Speer and K.~Prokofiev and R.~Fr{\"u}hwirth and W.~Waltenberger and P.~Vanlaer",
 title = "{Vertex Fitting in the CMS Tracker}",
 journal = "CMS NOTE 2006/032",
 year = "2006",
}


%% ----------------- trk vtx pv note ------------- %%
@article{CMS-NOTE-2006-029,
 author = "P.~Vanlaer and L.~Barbone and N.~De~Filippis and Th.~Speer and O.~Buchm{\"u}ller and F.-P.~Schilling",
 title = "{Impact of CMS Silicon Tracker Misalignment on Track and Vertex Reconstruction}",
 journal = "CMS NOTE 2006/029",
 year = "2006",
}


%% !!!!!!!!!!!!! ANALYSIS NOTE! !!!!!!!!!! %%
@article{CMS-AN-2008-032,
 author = "Michele~Pioppi",
 title = "{Electron Pre-identification in the Particle Flow framework}",
 journal = "CMS AN-2008/032",
 year = "2008",
}










%% ---------- overview ----------- %%

%% ----------- brief history ------- %%
@Book{BriefHistory, 
author="Stephen Hawking",
title="A Brief History of Time",
publisher="Bantam Dell Publishing Group",
year="1988",
}


%% ---- gargamelle observation ----- %%
%% haven't found a title yet...
%% NOT "Observation of Neutrino-like Interactions without Muon or Electron in the Gargamelle Neutrino Experiment"

@article{NC-Gargamelle,
  author = "F. J. Hasert and others",
  collaboration = "Gargamelle",
  title = "Search for elastic muon-neutrino electron scattering",
  journal = "Phys. Lett.",
  volume = "46",
  pages = "121", 
  year = "1973",
}


%% ---- ua1 and ua2 discoveries ----- %%
%% papers found at http://cerncourier.com/cws/article/cern/28849
%% more info found http://usparc.ihep.su/spires/find/hep/www?key=9028935&format=wwwrefslatex


@article{Z-ua1, 
  author = "G.~Arnison and others", 
  collaboration = "UA1 Collaboration",
  title = "Experimental Observation of Lepton Pairs of Invariant Mass Around 95-{GeV}/$c^2$ at the {CERN} {SPS} Collider", 
  journal = "Phys. Lett. B",
  volume = "126",
  year = "1983", 
  pages = "398",
}

@article{Z-ua2, 
  author = "P.~Bagnaia and others",
  collaboration = "UA2 Collaboration",
  title = "Evidence for {Z0} $\rightarrow$ e+ e- at the {CERN} anti-p p Collider", 
  journal = "Phys. Lett. B",
  volume = "129",
  year = "1983", 
  pages = "130",
}



%% ----------- CMSSW ------------- %%

%% \bibitem{CMSSW} C.D. Jones et al., Analysis environments for CMS, {\em J. Phys.: Conf. 2008 Ser. 119 032027 }.

%% from https://twiki.cern.ch/twiki/bin/view/CMSPublic/SWGuide: 
%% CMS Physics TDR, Volume 1, CERN-LHCC-2006-001, 2 February 2006 

@article{cmssw,
  author = "{CMS Collaboration}",
  title = "{CMS Physics Technical Design Report Volume I : Detector Performance and Software}", 
  journal = "CERN-LHCC-2006-001", 
  year = "2006",
  date = "2 February 2006", 
  series = "Technical Design Report CMS", 
  url = "https://twiki.cern.ch/twiki/bin/view/CMSPublic/SWGuide", 
  url2 = "http://cdsweb.cern.ch/record/922757?ln=en"
}


%% ----------- ROOT --------------- %%

%% \bibitem{ROOT} R. Brun and F. Rademakers, ROOT: an object oriented data analysis framework, Nucl. Instrum. Meth. A 389 (1997) 81; see also http://root.cern.ch.

%% from http://root.cern.ch/drupal/content/publication-list: 
%% Rene Brun and Fons Rademakers, 
%% ROOT - An Object Oriented Data Analysis Framework, 
%% Proceedings AIHENP'96 Workshop, Lausanne, Sep. 1996, Nucl. Inst. & Meth. in Phys. Res. A 389 (1997) 81-86. See also http://root.cern.ch/.

@article{root, 
  author = "Rene Brun and Fons Rademakers", 
  title = "{ROOT} - An Object Oriented Data Analysis Framework", 
  journal = "Nucl. Inst. and Meth. in Phys. Res. A", 
  conference = "AIHENP'96 Workshop, Lausanne, Sep. 1996",
  volume = "389",
  pages = "81-86",
  year = "1997", 
  url = "http://root.cern.ch/",
}






%% ---------------- Theory --------------- %%


%% Quarks and Leptons
@book{HM,
author = {F. Halzen and A. D. Martin},
title = {Quarks and Leptons: an Introductory Course in Modern Particle Physics},
year = {1984},
publisher = {John Wiley and Sons},
masid = {3636013},
}



%% PDG 2011
%% 2011 Review of Particle Physics.
%% K. Nakamura et al. (Particle Data Group), Journal of Physics G37, 075021 (2010)
%% "page" entry: this is article number, issue number is 7A.  but this is how IOP export does it
%% http://stacks.iop.org/0954-3899/37/i=7A/a=075021

@Article{PdgRpp,
author ="{K. Nakamura et al. (Particle Data Group)}",
title ="{2011 Review of Particle Physics}",
journal = "Journal of Physics G",
volume = "37",
number={7A},
year = "2010",
pages = {075021}, 
doi = "10.1088/0954-3899/37/7A/075021",
url = {http://pdg.lbl.gov},
} 



%% ---------- Z at D0 ---------- %%
@Article{Z-D0,
     author    = "{D0 Collaboration}",
     collaboration = "D0",
     title     = "{Measurement of the Cross Section for W and Z Production to Electron Final States with the D0 detector at $\sqrt{s}$ = 1.96 TeV}",
     journal   = "D0Note 4403-CONF",
     year      = "2004",
     url       = "http://www-d0.fnal.gov/Run2Physics/WWW/results/prelim/EW/E06/E06.pdf",
     url2      = "http://www-d0.fnal.gov/Run2Physics/WWW/documents/Run2Results.htm",
}


%% ---------- Z at CDF ---------- %%
@article{Z-CDF,
  title = {First Measurements of Inclusive {W} and {Z} Cross Sections from {Run II} of the {Tevatron} Collider},
  author = "{CDF Collaboration}",
  journal = {Phys. Rev. Lett.},
  year = {2004},
  eprint = {arXiv:hep-ex/0406078v2},
  doi = {10.1103/PhysRevLett.94.091803},
  url = "http://www-cdf.fnal.gov/physics/ewk/2004/wzxsec/",
  url2 = "http://www-cdf.fnal.gov/physics/ewk/2004/wzxsec/z_final.gif",
  url3 = "http://www-cdf.fnal.gov/physics/WZXsec_prl.pdf",
}


%%  LEP WG article

@Article{Z-PoleLep,
author ="{The ALEPH, DELPHI, L3, OPAL, SLD Collaborations,
the LEP Electroweak Working Group,
the SLD Electroweak and Heavy Flavour Groups}",
title ="{Precision Electroweak Measurements on the Z Resonance}",
journal = "Phys. Rept.",
volume = "427",
year = "2006",
pages = "257",
eprint = "hep-ex/0509008",
SLACcitation = "%%CITATION = HEP-EX 0509008;%%"
} 



%% ------------- L1 EMULATOR --------------- %%
%  author = "V. M. Ghete for the CMS Collaboration",
@article{emulator,
  author = "Vasile Mihai Ghete",
  title = "The {CMS} {L1} Trigger Emulation Software", 
  journal = "CMS CR-2009/123", 
  year = "2009",
}




%% ------------- TFractionFitter ------------%%
@misc{TFractionFitter,
  title="{TFractionFitter}",
  howpublished = {http://root.cern.ch/root/htmldoc/TFractionFitter.html}
}





%%%%%%%%%%%%%%%%%%%%%%%%%%%%%%%%%%%%%%%%%%%%%%%
%%
%%           EVENT SELECTION
%% 
%%%%%%%%%%%%%%%%%%%%%%%%%%%%%%%%%%%%%%%%%%%%%%%


%% ----------- the official analysis, for WP's at least --------------- %%

@article{CMSWZ,
  author = "{CMS Collaboration}",
  title = "Measurement of the {W} and {Z} inclusive production cross sections at sqrts=7 {TeV} with the {CMS} experiment at the {LHC}", 
  journal = "CMS-PAS-EWK-10-005",
  year = "2011",
}

%% -------------- elec sel variables, no just put in def of sieie ----------- %% 

%% ------------ I don't need Z treatment in PYTHIA, I have POWHEG and FEWZ refs --------- %%




%% ------------ RESBOS -------------------- %%

@article{resbos,
  author = "C. Balasz and C.-P. Yuan",
  title = "Soft gluon effects on lepton pairs at hadron colliders", 
  journal = "Phys.Rev. D",
  volume = "56",
  year = "1997",
  pages = "5558-5583",
  eprint = "arXiv:hep-ph/9704258v1",
  doi = "10.1103/PhysRevD.56.5558",
}


%% -------------- HORACE ------------------ %%

@article{horace1,
  author = "C. M. Carloni Calame and G. Montagna and O. Nicrosini and A. Vicini",
  title = "Precision electroweak calculation of the production of a high transverse-momentum lepton pair at hadron colliders",
  journal = "JHEP",
  volume = "2007",
  year = "2007",
  number = "10",
  pages = "109",
  eprint = "arXiv:0710.1722v1",
  doi = "10.1088/1126-6708/2007/10/109",
  url = "http://www2.pv.infn.it/~hepcomplex/horace.html",
}

@article{horace2,
  author = "Carlo Michel Carloni Calame and Guido Montagna and Oreste Nicrosini and Michele Treccani",
  title = "Multiple photon corrections to the neutral-current {Drell-Yan} process",
  journal = "JHEP",
  volume = "2005",
  year = "2005",
  number = "05",
  pages = "019",
  eprint = "arXiv:hep-ph/0502218v1",
  doi = "10.1088/1126-6708/2005/05/019",
  url = "http://www2.pv.infn.it/~hepcomplex/horace.html",
}

%% ----------- PDFs! multiple ---------------- %%

%% ------------ CTEQ for POWHEG and PYTHIA --------------------- %%

@article{CTEQ6L1,
  author = "J. Pumplin and D. R. Stump and J. Huston and H. L. Lai and P. Nadolsky and W. K. Tung",
  title = "New Generation of Parton Distributions with Uncertainties from Global {QCD} Analysis",
  journal = "JHEP", 
  volume = "2002",  
  number = "7",
  year = "2002",  
  month = "July",
  pages = "012",
  doi = "10.1088/1126-6708/2002/07/012",
  eprint = "arXiv:hep-ph/0201195v3", 
  url = "http://hep.pa.msu.edu/cteq/public/6.0_6.5/cteq6pdf.html",
}

@article{CT10,
  author = "Hung-Liang Lai and Marco Guzzi and Joey Huston and Zhao Li and Pavel M. Nadolsky and Jon Pumplin and C.-P. Yuan",
  title = "New parton distributions for collider physics",
  journal = "Phys.Rev.D",
  volume = "82",
  pages = "074024",
  year = "2010",
  eprint = "arXiv:1007.2241v3",
  doi = "10.1103/PhysRevD.82.074024",
}


%% ---------------- MSTW for FEWZ --------------------------- %% 

@article{MSTW,
  author = "A. D. Martin and W. J. Stirling and R. S. Thorne and G. Watt", 
  title = "{Parton distributions for the LHC}", 
  journal = "Eur.Phys.J.C",
  volume = "63",
  pages = "189-285",
  year = "2009",
  eprint = "arXiv:0901.0002",
  doi = "10.1140/epjc/s10052-009-1072-5",
}


%% ------------- NNPDF ---------------------- %%

@article{NNPDF,
  author = "Richard D. Ball and Luigi Del Debbio and Stefano Forte and Alberto Guffanti and Jose I. Latorre and Juan Rojo and Maria Ubiali",
  title = "{A first unbiased global NLO determination of parton distributions and their uncertainties}",
  year = "2010",
  eprint = "arXiv:1002.4407v2",
  howpublished = "arXiv:1002.4407v2",
  url = "http://sophia.ecm.ub.es/nnpdf/",
  url2 = "http://sophia.ecm.ub.es/nnpdf/nnpdf_pdfsets.htm",
}


